@article{yeatman2014lifespan,
  title={Lifespan maturation and degeneration of human brain white matter},
  author={Yeatman, Jason D and Wandell, Brian A and Mezer, Aviv A},
  journal={Nature communications},
  volume={5},
  pages={4932},
  year={2014},
  publisher={Nature Publishing Group}
}

@article{sarica2017corticospinal,
  title={The corticospinal tract profile in amyotrophic lateral sclerosis},
  author={Sarica, Alessia and Cerasa, Antonio and Valentino, Paola and Yeatman, Jason and Trotta, Maria and Barone, Stefania and Granata, Alfredo and Nistico, Rita and Perrotta, Paolo and Pucci, Franco and others},
  journal={Human brain mapping},
  volume={38},
  number={2},
  pages={727--739},
  year={2017},
  publisher={Wiley Online Library}
}

@article{dayan2016profilometry,
  title={Profilometry: a new statistical framework for the characterization of white matter pathways, with application to multiple sclerosis},
  author={Dayan, Michael and Monohan, Elizabeth and Pandya, Sneha and Kuceyeski, Amy and Nguyen, Thanh D and Raj, Ashish and Gauthier, Susan A},
  journal={Human brain mapping},
  volume={37},
  number={3},
  pages={989--1004},
  year={2016},
  publisher={Wiley Online Library}
}

@article{yeatman2012tract,
  title={Tract profiles of white matter properties: automating fiber-tract quantification},
  author={Yeatman, Jason D and Dougherty, Robert F and Myall, Nathaniel J and Wandell, Brian A and Feldman, Heidi M},
  journal={PloS one},
  volume={7},
  number={11},
  pages={e49790},
  year={2012},
  publisher={Public Library of Science}
}

@article{simon2013sparse,
  title={A sparse-group lasso},
  author={Simon, Noah and Friedman, Jerome and Hastie, Trevor and Tibshirani, Robert},
  journal={Journal of Computational and Graphical Statistics},
  volume={22},
  number={2},
  pages={231--245},
  year={2013},
  publisher={Taylor \& Francis Group}
}

@article{scikit-learn,
 title={Scikit-learn: Machine Learning in {P}ython},
 author={Pedregosa, F. and Varoquaux, G. and Gramfort, A. and Michel, V.
         and Thirion, B. and Grisel, O. and Blondel, M. and Prettenhofer, P.
         and Weiss, R. and Dubourg, V. and Vanderplas, J. and Passos, A. and
         Cournapeau, D. and Brucher, M. and Perrot, M. and Duchesnay, E.},
 journal={Journal of Machine Learning Research},
 volume={12},
 pages={2825--2830},
 year={2011}
}

@article{kaufman2012leakage,
  title={Leakage in data mining: Formulation, detection, and avoidance},
  author={Kaufman, Shachar and Rosset, Saharon and Perlich, Claudia and Stitelman, Ori},
  journal={ACM Transactions on Knowledge Discovery from Data (TKDD)},
  volume={6},
  number={4},
  pages={15},
  year={2012},
  publisher={ACM}
}

@inproceedings{mckinney2010data,
  title={Data structures for statistical computing in python},
  author={McKinney, Wes and others},
  booktitle={Proceedings of the 9th Python in Science Conference},
  volume={445},
  pages={51--56},
  year={2010},
  organization={Austin, TX}
}

@article{yeatman2018browser,
  title={A browser-based tool for visualization and analysis of diffusion MRI data},
  author={Yeatman, Jason D and Richie-Halford, Adam and Smith, Josh K and Keshavan, Anisha and Rokem, Ariel},
  journal={Nature communications},
  volume={9},
  number={1},
  pages={940},
  year={2018},
  publisher={Nature Publishing Group}
}

@misc{pyAFQ,
  title = {AFQ: Automated Fiber Quantification},
  howpublished = {\url{https://yeatmanlab.github.io/pyAFQ/}},
  note = {Accessed: 2019-02-07}
}

@article{tibshirani1996regression,
  title={Regression shrinkage and selection via the lasso},
  author={Tibshirani, Robert},
  journal={Journal of the Royal Statistical Society. Series B (Methodological)},
  pages={267--288},
  year={1996},
  publisher={JSTOR}
}

@article{yuan2006model,
  title={Model selection and estimation in regression with grouped variables},
  author={Yuan, Ming and Lin, Yi},
  journal={Journal of the Royal Statistical Society: Series B (Statistical Methodology)},
  volume={68},
  number={1},
  pages={49--67},
  year={2006},
  publisher={Wiley Online Library}
}
